@article{Li2020FNO,
  title={Fourier Neural Operator for Parametric Partial Differential Equations},
  author={Li, Zongyi and Kovachki, Nikola B and Azizzadenesheli, Kamyar and Liu, Burigede and Bhattacharya, Kaushik and Stuart, Andrew M and Anandkumar, Anima},
  journal={Advances in Neural Information Processing Systems (NeurIPS) Workshop},
  year={2020},
  note={arXiv:2010.08895}
}

@article{Kovachki2021NeuralOperators,
  title={Neural Operator: Learning Maps Between Function Spaces},
  author={Kovachki, Nikola B and Li, Zongyi and Liu, Burigede and Azizzadenesheli, Kamyar and Bhattacharya, Kaushik and Stuart, Andrew M and Anandkumar, Anima},
  journal={Journal of Machine Learning Research},
  volume={24},
  number={89},
  pages={1--97},
  year={2023},
  note={Earlier version: arXiv:2108.08481}
}

@article{chen2018neural,
  title={Neural ordinary differential equations},
  author={Chen, Tian Qi and Rubanova, Yulia and Bettencourt, Jesse and Duvenaud, David K},
  journal={Advances in neural information processing systems},
  volume={31},
  year={2018}
}

@article{lu2021learning,
  title={Learning nonlinear operators via DeepONet based on the universal approximation theorem of operators},
  author={Lu, Lu and Jin, Pengzhan and Pang, Guofei and Zhang, Zhongqiang and Karniadakis, George Em},
  journal={Nature Machine Intelligence},
  volume={3},
  number={3},
  pages={218--229},
  year={2021},
  publisher={Nature Publishing Group}
}

@article{li2020neural,
  title={Neural operator: Graph kernel network for partial differential equations},
  author={Li, Zongyi and Kovachki, Nikola and Azizzadenesheli, Kamyar and Liu, Burigede and Stuart, Andrew and Bhattacharya, Kaushik and Anandkumar, Anima},
  journal={arXiv preprint arXiv:2003.03485},
  year={2020}
}

@article{tran2021factorized,
  title={Factorized fourier neural operators},
  author={Tran, Alasdair and Mathews, Alexander and Xie, Lexing and Ong, Cheng Soon},
  journal={arXiv preprint arXiv:2111.13802},
  year={2021}
}

@article{barnett2010conformal,
  title={A high accuracy conformal method for evaluating the discontinuous Fourier transform},
  author={Barnett, A.H. and Greengard, L.},
  journal={SIAM Journal on Scientific Computing},
  volume={32},
  number={5},
  pages={2804--2831},
  year={2010},
  publisher={SIAM}
}

@article{li2022fourier,
  title={Fourier neural operator approach to large eddy simulation of three-dimensional turbulence},
  author={Li, Zongyi and Kovachki, Nikola and Azizzadenesheli, Kamyar and Liu, Burigede and Bhattacharya, Kaushik and Stuart, Andrew and Anandkumar, Anima},
  journal={arXiv preprint arXiv:2204.11530},
  year={2022}
}

@article{chen2021continuous,
  title={Continuous fourier neural networks},
  author={Chen, Tian Qi and van Merri{\"e}nboer, Bart and Bengio, Yoshua and Hinton, Geoffrey},
  journal={arXiv preprint arXiv:2106.08594},
  year={2021}
}

@article{gupta2021multiwavelet,
  title={Multiwavelet-based operator learning for differential equations},
  author={Gupta, Gaurav and Xiao, Xiongye and Bogdan, Paul},
  journal={Advances in Neural Information Processing Systems},
  volume={34},
  pages={24048--24062},
  year={2021}
}

@article{raissi2019physics,
  title={Physics-informed neural networks: A deep learning framework for solving forward and inverse problems involving nonlinear partial differential equations},
  author={Raissi, Maziar and Perdikaris, Paris and Karniadakis, George E},
  journal={Journal of Computational physics},
  volume={378},
  pages={686--707},
  year={2019},
  publisher={Elsevier}
}

@article{greenfeld2019learning,
  title={Learning to optimize multigrid PDE solvers},
  author={Greenfeld, Daniel and Galun, Meirav and Basri, Ronen and Yavneh, Irad and Kimmel, Ron},
  journal={International Conference on Machine Learning},
  pages={2415--2423},
  year={2019},
  organization={PMLR}
}

@inproceedings{ronneberger2015u,
  title={U-net: Convolutional networks for biomedical image segmentation},
  author={Ronneberger, Olaf and Fischer, Philipp and Brox, Thomas},
  booktitle={International Conference on Medical image computing and computer-assisted intervention},
  pages={234--241},
  year={2015},
  organization={Springer}
}

@inproceedings{he2016deep,
  title={Deep residual learning for image recognition},
  author={He, Kaiming and Zhang, Xiangyu and Ren, Shaoqing and Sun, Jian},
  booktitle={Proceedings of the IEEE conference on computer vision and pattern recognition},
  pages={770--778},
  year={2016}
}

@article{lecun1989backpropagation,
  title={Backpropagation applied to handwritten zip code recognition},
  author={LeCun, Yann and Boser, Bernhard and Denker, John S and Henderson, Donnie and Howard, Richard E and Hubbard, Wayne and Jackel, Lawrence D},
  journal={Neural computation},
  volume={1},
  number={4},
  pages={541--551},
  year={1989},
  publisher={MIT Press}
}

@article{pathak2018model,
  title={Model-free prediction of large spatiotemporally chaotic systems from data: A reservoir computing approach},
  author={Pathak, Jaideep and Hunt, Brian and Girvan, Michelle and Lu, Zhixin and Ott, Edward},
  journal={Physical review letters},
  volume={120},
  number={2},
  pages={024102},
  year={2018},
  publisher={APS}
}

@article{brunton2019machine,
  title={Machine learning for fluid mechanics},
  author={Brunton, Steven L and Noack, Bernd R and Koumoutsakos, Petros},
  journal={Annual review of fluid mechanics},
  volume={51},
  pages={131--162},
  year={2019},
  publisher={Annual Reviews}
}

@article{karniadakis2021physics,
  title={Physics-informed machine learning},
  author={Karniadakis, George Em and Kevrekidis, Ioannis G and Lu, Lu and Perdikaris, Paris and Wang, Sifan and Yang, Liu},
  journal={Nature Reviews Physics},
  volume={3},
  number={6},
  pages={422--440},
  year={2021},
  publisher={Nature Publishing Group}
}

@article{wang2021learning,
  title={Learning the solution operator of parametric partial differential equations with physics-informed DeepONets},
  author={Wang, Sifan and Wang, Hanwen and Perdikaris, Paris},
  journal={Science advances},
  volume={7},
  number={40},
  pages={eabi8605},
  year={2021},
  publisher={American Association for the Advancement of Science}
}

@article{kovachki2021neural,
  title={Neural operator: Learning maps between function spaces},
  author={Kovachki, Nikola and Li, Zongyi and Liu, Burigede and Azizzadenesheli, Kamyar and Bhattacharya, Kaushik and Stuart, Andrew and Anandkumar, Anima},
  journal={arXiv preprint arXiv:2108.08481},
  year={2021}
}

@article{bar2019unsupervised,
  title={Unsupervised deep learning for structured shape matching},
  author={Bar-On, Yaron and Flamholz, Avigdor and Phillips, Rob and Milo, Ron},
  journal={Proceedings of the IEEE/CVF International Conference on Computer Vision},
  pages={1617--1627},
  year={2019}
}

@inproceedings{vaswani2017attention,
  title={Attention is all you need},
  author={Vaswani, Ashish and Shazeer, Noam and Parmar, Niki and Uszkoreit, Jakob and Jones, Llion and Gomez, Aidan N and Kaiser, {\L}ukasz and Polosukhin, Illia},
  booktitle={Advances in neural information processing systems},
  pages={5998--6008},
  year={2017}
}

@article{scarselli2008graph,
  title={The graph neural network model},
  author={Scarselli, Franco and Gori, Marco and Tsoi, Ah Chung and Hagenbuchner, Markus and Monfardini, Gabriele},
  journal={IEEE transactions on neural networks},
  volume={20},
  number={1},
  pages={61--80},
  year={2008},
  publisher={IEEE}
}

@inproceedings{kipf2016semi,
  title={Semi-supervised classification with graph convolutional networks},
  author={Kipf, Thomas N and Welling, Max},
  booktitle={International Conference on Learning Representations},
  year={2017}
}

@article{battaglia2018relational,
  title={Relational inductive biases, deep learning, and graph networks},
  author={Battaglia, Peter W and Hamrick, Jessica B and Bapst, Victor and Sanchez-Gonzalez, Alvaro and Zambaldi, Vinicius and Malinowski, Mateusz and Tacchetti, Andrea and Raposo, David and Santoro, Adam and Faulkner, Ryan and others},
  journal={arXiv preprint arXiv:1806.01261},
  year={2018}
}

@inproceedings{sanchez2020learning,
  title={Learning to simulate complex physics with graph networks},
  author={Sanchez-Gonzalez, Alvaro and Godwin, Jonathan and Pfaff, Tobias and Ying, Rex and Leskovec, Jure and Battaglia, Peter},
  booktitle={International conference on machine learning},
  pages={8459--8468},
  year={2020},
  organization={PMLR}
}

@inproceedings{long2018pde,
  title={PDE-Net: Learning PDEs from data},
  author={Long, Zichao and Lu, Yiping and Ma, Xianzhong and Dong, Bin},
  booktitle={International Conference on Machine Learning},
  pages={3208--3216},
  year={2018},
  organization={PMLR}
}

@article{goodfellow2016deep,
  title={Deep learning},
  author={Goodfellow, Ian and Bengio, Yoshua and Courville, Aaron},
  journal={MIT press},
  year={2016}
}

@article{dosovitskiy2020image,
  title={An image is worth 16x16 words: Transformers for image recognition at scale},
  author={Dosovitskiy, Alexey and Beyer, Lucas and Kolesnikov, Alexander and Weissenborn, Dirk and Zhai, Xiaohua and Unterthiner, Thomas and Dehghani, Mostafa and Minderer, Matthias and Heigold, Georg and Gelly, Sylvain and others},
  journal={arXiv preprint arXiv:2010.11929},
  year={2020}
}

@article{hsieh2019learning,
  title={Learning neural PDE solvers with convergence guarantees},
  author={Hsieh, Jun-Ting and Zhao, Shengjia and Eismann, Stephan and Mirabella, Lucia and Ermon, Stefano},
  journal={arXiv preprint arXiv:1906.01200},
  year={2019}
}

@article{pathak2022fourcastnet,
  title={Fourcastnet: A global data-driven high-resolution weather model using adaptive fourier neural operators},
  author={Pathak, Jaideep and Subramanian, Shashank and Harrington, Peter and Raja, Sanjeev and Chattopadhyay, Ashesh and Mardani, Morteza and Kurth, Thorsten and Hall, David and Li, Zongyi and Azizzadenesheli, Kamyar and others},
  journal={arXiv preprint arXiv:2202.11214},
  year={2022}
}

@article{li2023geometry,
  title={Geometry-informed neural operator for large-scale 3D PDEs},
  author={Li, Zongyi and Huang, Daniel Zhengyu and Liu, Burigede and Anandkumar, Anima},
  journal={Advances in Neural Information Processing Systems},
  volume={36},
  year={2023}
}

@article{wen2022u,
  title={U-FNO—An enhanced Fourier neural operator-based deep-learning model for multiphase flow},
  author={Wen, Gege and Li, Zongyi and Azizzadenesheli, Kamyar and Anandkumar, Anima and Benson, Sally M},
  journal={Advances in Water Resources},
  volume={163},
  pages={104180},
  year={2022},
  publisher={Elsevier}
}

@article{guibas2021adaptive,
  title={Adaptive Fourier neural operators: Efficient token mixers for transformers},
  author={Guibas, John and Mardani, Morteza and Li, Zongyi and Tao, Andrew and Anandkumar, Anima and Catanzaro, Bryan},
  journal={arXiv preprint arXiv:2111.13587},
  year={2021}
}

@article{li2021physics,
  title={Physics-informed neural operator for learning partial differential equations},
  author={Li, Zongyi and Zheng, Hongkai and Kovachki, Nikola and Jin, David and Chen, Haoxuan and Liu, Burigede and Azizzadenesheli, Kamyar and Anandkumar, Anima},
  journal={arXiv preprint arXiv:2111.03794},
  year={2021}
}

@article{you2022learning,
  title={Learning deep implicit Fourier neural operators (IFNOs) with applications to heterogeneous material modeling},
  author={You, Huaiqian and Yu, Yue and Trask, Nathaniel and Gulian, Mamikon and D'Elia, Marta},
  journal={Computer Methods in Applied Mechanics and Engineering},
  volume={398},
  pages={115296},
  year={2022},
  publisher={Elsevier}
}

@article{li2020multipole,
  title={Multipole graph neural operator for parametric partial differential equations},
  author={Li, Zongyi and Kovachki, Nikola and Azizzadenesheli, Kamyar and Liu, Burigede and Bhattacharya, Kaushik and Stuart, Andrew and Anandkumar, Anima},
  journal={Advances in Neural Information Processing Systems},
  volume={33},
  pages={6755--6766},
  year={2020}
}

@article{cao2021choose,
  title={Choose a transformer: Fourier or galerkin},
  author={Cao, Shuhao},
  journal={Advances in Neural Information Processing Systems},
  volume={34},
  pages={24924--24940},
  year={2021}
}

@article{raonic2023convolutional,
  title={Convolutional neural operators for robust and accurate learning of PDEs},
  author={Raonic, Bogdan and Molinaro, Roberto and De Ryck, Tim and Rohner, Tobias and Bartolucci, Francesca and Alaifari, Rima and Mishra, Siddhartha and de Bezenac, Emmanuel},
  journal={Advances in Neural Information Processing Systems},
  volume={36},
  year={2023}
}

@article{wang2023approximately,
  title={Approximately equivariant neural processes},
  author={Wang, Lingshen and He, Ximing and Li, Zongyi and Huang, Yixuan and Anandkumar, Anima},
  journal={arXiv preprint arXiv:2305.16428},
  year={2023}
}

@article{azizzadenesheli2024neural,
  title={Neural operators for accelerating scientific simulations and design},
  author={Azizzadenesheli, Kamyar and Kovachki, Nikola and Li, Zongyi and Liu-Schiaffini, Miguel and Kossaifi, Jean and Anandkumar, Anima},
  journal={Nature Reviews Physics},
  volume={6},
  number={5},
  pages={320--328},
  year={2024},
  publisher={Nature Publishing Group}
}

@article{trefethen2019approximation,
  title={Approximation theory and approximation practice, extended edition},
  author={Trefethen, Lloyd N},
  journal={SIAM},
  year={2019}
}

@book{boyd2001chebyshev,
  title={Chebyshev and Fourier spectral methods},
  author={Boyd, John P},
  year={2001},
  publisher={Courier Corporation}
}

@article{greengard2010high,
  title={A high-order accurate method for evaluating derivatives of Chebyshev expansions},
  author={Greengard, Leslie and Rokhlin, Vladimir},
  journal={SIAM Journal on Scientific Computing},
  volume={32},
  number={5},
  pages={2804--2831},
  year={2010},
  publisher={SIAM}
}
